%% 四月
@article{wells2021interplay,
  title={The interplay between COVID-19 restrictions and vaccination},
  author={Wells, Chad R and Galvani, Alison P},
  journal={The Lancet. Infectious Diseases},
  year={2021},
  publisher={Elsevier}
}
@article{asllani2018structure,
  title={Structure and dynamical behavior of non-normal networks},
  author={Asllani, Malbor and Lambiotte, Renaud and Carletti, Timoteo},
  journal={Science advances},
  volume={4},
  number={12},
  pages={eaau9403},
  year={2018},
  publisher={American Association for the Advancement of Science}
}
@article{allesina2012stability,
  title={Stability criteria for complex ecosystems},
  author={Allesina, Stefano and Tang, Si},
  journal={Nature},
  volume={483},
  number={7388},
  pages={205--208},
  year={2012},
  publisher={Nature Publishing Group}
}
@article{may1972will,
  title={Will a large complex system be stable?},
  author={May, Robert M},
  journal={Nature},
  volume={238},
  number={5364},
  pages={413--414},
  year={1972},
  publisher={Nature Publishing Group}
}